<?xml version="1.0" encoding="UTF-8"?><collection xmlns="http://www.loc.gov/MARC21/slim"><record><leader>00374nam--2200133-i-4500</leader><controlfield tag="001">000030332</controlfield><controlfield tag="002">20161230</controlfield><controlfield tag="005">20161230201038</controlfield><controlfield tag="008">060222s1000------------r-----000-0-eng-d</controlfield><datafield ind1=" " ind2=" " tag="080"><subfield code="a">681.3.012</subfield></datafield><datafield ind1=" " ind2=" " tag="100"><subfield code="a">Mandl, Matthew</subfield></datafield><datafield ind1=" " ind2=" " tag="245"><subfield code="a">Fundamentals of electronic computers: digital and analog</subfield></datafield><datafield ind1=" " ind2=" " tag="260"><subfield code="a">Englewood Cliffs, Prentice-hall, Inc., 1967, Xiii + 344p</subfield></datafield><datafield ind1=" " ind2=" " tag="852"><subfield code="a">76172</subfield></datafield></record></collection>